@article{chen2013legacy,
  title={A Legacy System Encapsulation Strategy Based on Web Service},
  author={Chen, DJ and Li, XY},
  journal={Creative Education},
  volume={3},
  number={07},
  pages={59},
  year={2013},
  publisher={Scientific Research Publishing}
}
@book{warren2012renaissance,
  title={The renaissance of legacy systems: method support for software-system evolution},
  author={Warren, Ian},
  year={2012},
  publisher={Springer Science \& Business Media}
}
@article{offutt2002quality,
  title={Quality attributes of web software applications},
  author={Offutt, Jeff},
  journal={IEEE software},
  number={2},
  pages={25--32},
  year={2002},
  publisher={IEEE}
}
@inproceedings{almonaies2010legacy,
  title={Legacy system evolution towards service-oriented architecture},
  author={Almonaies, Asil A and Cordy, James R and Dean, Thomas R},
  booktitle={International Workshop on SOA Migration and Evolution},
  pages={53--62},
  year={2010}
}
@article{arsanjani2004service,
  title={Service-oriented modeling and architecture},
  author={Arsanjani, Ali},
  journal={IBM developer works},
  pages={1--15},
  year={2004}
}
@inproceedings{comella2000survey,
  title={A survey of black-box modernization approaches for information systems},
  author={Comella-Dorda, Santiago and Wallnau, Kurt and Seacord, Robert C and Robert, John},
  booktitle={Software Maintenance, 2000. Proceedings. International Conference on},
  pages={173--183},
  year={2000},
  organization={IEEE}
}
@inproceedings{chung2005service,
  title={Service-oriented software reengineering: Bertie3 as web services},
  author={Chung, Sam and Young, Peter S and Nelson, Jack},
  booktitle={Web Services, 2005. ICWS 2005. Proceedings. 2005 IEEE International Conference on},
  year={2005},
  organization={IEEE}
}
@inproceedings{chung2007service,
  title={Service-oriented software reengineering: SoSR},
  author={Chung, Sam and An, Joseph Byung Chul and Davalos, Sergio},
  booktitle={System Sciences, 2007. HICSS 2007. 40th Annual Hawaii International Conference on},
  pages={172c--172c},
  year={2007},
  organization={IEEE}
}
@inproceedings{distante2006towards,
  title={Towards a holistic approach to redesigning legacy applications for the Web with UWAT+},
  author={Distante, Damiano and Tilley, Scott and Canfora, Gerardo},
  booktitle={Software Maintenance and Reengineering, 2006. CSMR 2006. Proceedings of the 10th European Conference on},
  pages={5--pp},
  year={2006},
  organization={IEEE}
}
@inproceedings{chen2005feature,
  title={Feature analysis for service-oriented reengineering},
  author={Chen, Feng and Li, Shaoyun and Yang, Hongji and Wang, Ching-Huey and Chu, William Cheng-Chung},
  booktitle={Software Engineering Conference, 2005. APSEC'05. 12th Asia-Pacific},
  pages={8--pp},
  year={2005},
  organization={IEEE}
}
@inproceedings{cuadrado2008case,
  title={A case study on software evolution towards service-oriented architecture},
  author={Cuadrado, F{\'e}lix and Garcia, Belen and Dueas, JC and Parada, Hugo and others},
  booktitle={Advanced Information Networking and Applications-Workshops, 2008. AINAW 2008. 22nd International Conference on},
  pages={1399--1404},
  year={2008},
  organization={IEEE}
}